<?xml version="1.0" encoding="UTF-8"?><collection xmlns="http://www.loc.gov/MARC21/slim"><record><leader>00474nam--2200169-i-4500</leader><controlfield tag="001">000018779</controlfield><controlfield tag="002">20161230</controlfield><controlfield tag="005">20161230201032</controlfield><controlfield tag="008">060222s1000------------r-----000-0-eng-d</controlfield><datafield ind1=" " ind2=" " tag="040"><subfield code="a">IFIN-HH</subfield></datafield><datafield ind1=" " ind2=" " tag="080"><subfield code="a">551.510.721</subfield></datafield><datafield ind1="1" ind2=" " tag="100"><subfield code="a">Fowler, Eric B</subfield></datafield><datafield ind1="1" ind2="0" tag="245"><subfield code="a">Radioactive fallout, soils, plants, foods, man</subfield><subfield code="c">ERIC B. FOWLER (Ed.)</subfield></datafield><datafield ind1=" " ind2=" " tag="260"><subfield code="a">NEW YORK</subfield><subfield code="b">Elsevier Publishing Company</subfield><subfield code="c">1965</subfield></datafield><datafield ind1=" " ind2=" " tag="300"><subfield code="a">III + 317 P</subfield></datafield><datafield ind1=" " ind2=" " tag="852"><subfield code="a">21810</subfield><subfield code="c">614.898</subfield></datafield><datafield ind1=" " ind2=" " tag="CAT"><subfield code="a">Sys</subfield><subfield code="c">20101217</subfield><subfield code="h">123757</subfield></datafield></record></collection>